@article{eldredge2016analysis,
  title={Analysis and Probability on Infinite-Dimensional Spaces},
  author={Eldredge, Nathaniel},
  journal={arXiv preprint arXiv:1607.03591},
  year={2016}
}

@misc{Lunardi,
  author        = {Lunardi, Alessandra and Miranda, Michele and Pallara, Diego},
  title         = {{ISEM 19 lecture notes}},
  year          = {2016},
  url ={http://dmi.unife.it/it/ricerca-dmi/seminari/isem19}
}

@book{brezis2010functional,
  title={Functional analysis, Sobolev spaces and partial differential equations},
  author={Brezis, Haim},
  year={2010},
  publisher={Springer Science \& Business Media}
}

@book{paulsen2016introduction,
  title={An introduction to the theory of reproducing kernel Hilbert spaces},
  author={Paulsen, Vern I and Raghupathi, Mrinal},
  volume={152},
  year={2016},
  publisher={Cambridge University Press}
}

